<?xml version="1.0" encoding="UTF-8"?><record xmlns="http://www.loc.gov/MARC21/slim" xmlns:cinclude="http://apache.org/cocoon/include/1.0" xmlns:zs="http://www.loc.gov/zing/srw/">
  <leader>00387nz  a2200121n  4500</leader>
  <controlfield tag="001">n  96060489 </controlfield>
  <controlfield tag="003">DLC</controlfield>
  <controlfield tag="005">19960619160543.3</controlfield>
  <controlfield tag="008">960619n| acannaab|          |n aaa |||  </controlfield>
  <datafield tag="010" ind1=" " ind2=" ">
    <subfield code="a">n  96060489 </subfield>
  </datafield>
  <datafield tag="040" ind1=" " ind2=" ">
    <subfield code="a">DLC</subfield>
    <subfield code="c">DLC</subfield>
  </datafield>
  <datafield tag="100" ind1="1" ind2="0">
    <subfield code="a">White, Pamela B.</subfield>
    <subfield code="q">(Pamela Banning),</subfield>
    <subfield code="d">1947-</subfield>
  </datafield>
  <datafield tag="670" ind1=" " ind2=" ">
    <subfield code="a">Two portraits, c1995:</subfield>
    <subfield code="b">t.p. (Pamela B. White) p. vi (Pamela Banning White, b. June 10, 1947, New York, N.Y.)</subfield>
  </datafield>
</record>